
@MISC{Biorasis,
  title =	"{B}iorasis",
  howpublished =  "\url{http://bio-orasis.com/}",
  note =	"Accessed: April 10, 2018",
}

@MISC{ecesd1814,
  author = "ECE Senior Design Team 1814",
  title = "{S}martwatch {D}evice and {A}pp for {C}ontinuous {G}lucose {M}onitoring",
  howpublished =  "\url{http://ecesd.engr.uconn.edu/ecesd1814/}",
  note =  "Accessed: April 10, 2018",
}

@MISC{ecesd1714,
  author = "ECE Senior Design Team 1714",
  title = "{S}martwatch-like {D}evice and {A}pps for {C}ontinuous {G}lucose {M}onitoring",
  howpublished =  "\url{http://ecesd.engr.uconn.edu/ecesd1714/}",
  note =  "Accessed: April 10, 2018",
}

@MISC{tinywatchtut,
  author = "TinyCircuits Staff",
  title = "{T}iny{S}creen {S}mart{W}atch {T}utorial",
  howpublished =  "\url{https://tinycircuits.hackster.io/tbatey_tiny-circuits/tinyscreen-smartwatch-785938}",
  note =  "Accessed: April 10, 2018",
  year = "2016",
}

@MISC{ASF,
  author = "Atmel",
  title = "{A}dvanced {S}oftware {F}ramework",
  howpublished =  "\url{http://asf.atmel.com/docs/latest/}",
  note =  "Accessed: April 24, 2018",
}

@MISC{itoa,
  author = "GeeksforGeeks",
  title = "{I}mplement your own itoa()",
  howpublished =  "\url{http://www.geeksforgeeks.org/implement-itoa/}",
  note =  "Accessed: April 25, 2018",
}

@MISC{ftoa,
  author = "Stack Overflow",
  title = "{M}inimal implementation of sprintf or printf",
  howpublished =  "\url{https://stackoverflow.com/questions/16647278/minimal-implementation-of-sprintf-or-printf}",
  note =  "Accessed: April 25, 2018",
}

@MISC{datecalc,
  author = "Gary Katch",
  title = "{D}ate calculation algorithms",
  howpublished =  "\url{https://alcor.concordia.ca/~gpkatch/gdate-algorithm.html}",
  note =  "Accessed: April 24, 2018",
}

@MISC{libaci,
  author = "Adafruit",
  title = "{D}rivers for {A}dafruit's n{RF}8001 {B}luetooth {L}ow {E}nergy {B}reakout",
  howpublished =  "\url{https://github.com/adafruit/Adafruit_nRF8001}",
  note =  "Accessed: April 18, 2018",
}

@MISC{wikiSoC,
  title = "{S}eparation of concerns",
  howpublished =  "\url{https://en.wikipedia.org/wiki/Separation_of_concerns}",
  note =  "Accessed: April 10, 2018",
}

@MISC{wikiCB,
  title = "{C}ircular buffer",
  howpublished =  "\url{https://en.wikipedia.org/wiki/Circular_buffer}",
  note =  "Accessed: April 17, 2018",
}

@MISC{wikiBF,
  title = "{B}it fields",
  howpublished =  "\url{https://en.wikipedia.org/wiki/Bit_field}",
  note =  "Accessed: April 17, 2018",
}

@MISC{HIPAA,
  title = "{S}ummary of the {HIPAA} {S}ecurity {R}ule",
  howpublished =  "\url{https://www.hhs.gov/hipaa/for-professionals/security/laws-regulations/index.html}",
  note =  "Accessed: April 24, 2018",
  year = "2013",
}

@MISC{debounce,
  author = "Jens Christoffersen",
  title = "{S}witch {B}ounce and {H}ow to {D}eal with {I}t",
  howpublished =  "\url{https://www.allaboutcircuits.com/technical-articles/switch-bounce-how-to-deal-with-it/}",
  note =  "Accessed: April 24, 2018",
  year = "2015",
}

@MISC{tinyplus,
  title = "{T}iny{S}creen+",
  howpublished =  "\url{https://tinycircuits.com/products/tinyscreenplus}",
  note =  "Accessed: April 11, 2018",
}

@MISC{samd21,
  author = "Atmel",
  title = "{SAM D21E / SAM D21G / SAM D21J} {D}atasheet",
  howpublished =  "\url{https://cdn.sparkfun.com/datasheets/Dev/Arduino/Boards/Atmel-42181-SAM-D21_Datasheet.pdf}",
  note =  "Accessed: April 11, 2018",
  year = "2015",
}

@MISC{ST7735S,
  author = "Sitronix",
  title = "{ST7735 262K C}olor {S}ingle-{C}hip {TFT C}ontroller/{D}river",
  howpublished =  "\url{http://www.displayfuture.com/Display/datasheet/controller/ST7735.pdf}",
  note =  "Accessed: April 17, 2018",
  year = "2010",
}

@MISC{ILI9163,
  author = "Ilitek",
  title = "a-{S}i {TFT LCD S}ingle {C}hip {D}river 132{RGB}x162 {R}esolution and 262{K} color {D}atasheet",
  howpublished =  "\url{https://www.rockbox.org/wiki/pub/Main/SonyNWZE370/ILI9163.pdf}",
  note =  "Accessed: April 17, 2018",
  year = "2008",
}

@MISC{NRF8001,
  author = "Nordic Semiconductor",
  title = "n{RF}8001 {S}ingle-chip {B}luetooth low energy solution {P}roduct {S}pecification 1.2",
  howpublished =  "\url{https://cdn.shopify.com/s/files/1/1125/2198/files/nRF8001_PS_v1.2-2797.pdf?14554646480989527344}",
  note =  "Accessed: April 18, 2018",
  year = "2013",
}

@MISC{gfxfont,
  author = "Adafruit",
  title = "{A}dafruit {GFX} {L}ibrary",
  howpublished =  "\url{https://github.com/adafruit/Adafruit-GFX-Library}",
  note =  "Accessed: April 15, 2018",
}
